<record><leader>00000cas a22000007a 4500</leader><controlfield tag="001">11428695</controlfield><controlfield tag="008">841128d1863186uksuwr ne      0    0eng d</controlfield><controlfield tag="009">3781</controlfield><datafield ind1=" " ind2=" " tag="010"><subfield code="a">sn 84027692 </subfield></datafield><datafield ind1=" " ind2=" " tag="040"><subfield code="a">NPU</subfield><subfield code="b">eng</subfield><subfield code="c">NPU</subfield><subfield code="d">NPT</subfield><subfield code="d">OCLCQ</subfield></datafield><datafield ind1=" " ind2=" " tag="042"><subfield code="a">msc</subfield></datafield><datafield ind1="0" ind2="4" tag="245"><subfield code="a">The Nemaha courier.</subfield></datafield><datafield ind1=" " ind2=" " tag="260"><subfield code="a">Seneca, Kan. :</subfield><subfield code="b">John P. Cone,</subfield><subfield code="c">1863-</subfield></datafield><datafield ind1=" " ind2=" " tag="300"><subfield code="a">v. ;</subfield><subfield code="c">58 cm.</subfield></datafield><datafield ind1=" " ind2=" " tag="310"><subfield code="a">Weekly</subfield></datafield><datafield ind1="0" ind2=" " tag="362"><subfield code="a">Vol. 1, no. 1 (Nov. 14, 1863)-</subfield></datafield><datafield ind1=" " ind2=" " tag="500"><subfield code="a">"When freedom is in danger all who are not for her are against her."</subfield></datafield><datafield ind1=" " ind2=" " tag="752"><subfield code="a">United States</subfield><subfield code="b">Kansas</subfield><subfield code="c">Nemaha</subfield><subfield code="d">Seneca.</subfield></datafield><datafield ind1="0" ind2="0" tag="785"><subfield code="t">Kansas Nemaha courier</subfield><subfield code="w">(DLC)sn 85030440</subfield></datafield></record>